@manual{sample,
  organization = {TU Dortmund, Fakultät Physik},
  title = {Versuch zum Literaturverzeichnis},
  year = 2014
}
@book{czichos,
  title = {HÜTTE - Das Ingenieurwissen},
  author = {Czichos, Horst and Hennecke, Manfred},
  organization = {Akademischer Verein Hütte e.V},
  year = 2008,
  isbn = 9783540718512,
  publisher = {Springer}
}