@manual{anleitung,
  organization = {TU Dortmund, Fakultät Physik},
  title = {Versuch 302 - Elektrische Brückenschaltung},
  year = 2021
}

@book{gerthsen,
  title = "Gerthsen Physik",
  author = "Meschede, Dieter",
  edition = "25",
  year = "2015",
  publisher = "Springer",
}