@manual{Anleitung,
  author = "TU Dortmund",
  title = {Versuch 101: Das Tr√§gheitsmoment},
  year = 2021,
}


@book{gerthsen,
  title = "Gerthsen Physik",
  author = "Meschede, Dieter",
  edition = "25",
  year = "2015",
  publisher = "Springer",
}
