@manual{v355,
  author = "TU Dortmund",
  title = "Versuch Nr. 355: Gekoppelte Schwingkreise",
  year = 2021
}
