@manual{Versuchsanleitung,
  author = "TU Dortmund",
  title = "Versuchsanleitung V308: Spulen und Magnetfelder",
  year = 2021
}
