@manual{v103,
  organization = {TU Dortmund, Fakultät Physik},
  title = {Versuch 103 - Biegung elastischer Stäbe},
  year = 2022
}
@book{czichos,
  title = {HÜTTE - Das Ingenieurwissen},
  author = {Czichos, Horst and Hennecke, Manfred},
  organization = {Akademischer Verein Hütte e.V},
  year = 2008,
  isbn = 9783540718512,
  publisher = {Springer}
}