@manual{anleitung107,
  organization = {TU Dortmund, Fakultät Physik},
  title = {Versuch V107: Das Kugelfall-Viskosimeter nach Höppler},
  year = 2022
}
