@manual{Anleitung606,
  organization = {TU Dortmund, Fakultät Physik},
  title = {Anleitung zu "Messung der Suszeptibilität paramagnetischer Substanzen"},
  year = 2022
}
@manual{Anleitung601,
  organization = {TU Dortmund, Fakultät Physik},
  title = {Der Franck-Hertz-Versuch},
  year = 2022
}
