@manual{anleitung,
  organization = {TU Dortmund, Fakultät Physik},
  title = {Versuch 203 - Verdampfungswärme und Dampfdruckkurve},
  year = 2021
}
