@manual{anleitung353,
  organization = {TU Dortmund, Fakult√§t Physik},
  title = {Das Relaxationsverhalten eines RC-Kreises},
  year = 2021
}
